@book{prince2012computer,
	title={Computer vision: models, learning, and inference},
	author={Prince, Simon JD},
	year={2012},
	publisher={Cambridge University Press}
}

