@book{prince2012computer,
	title={Computer vision: models, learning, and inference},
	author={Prince, Simon JD},
	year={2012},
	publisher={Cambridge University Press}
}

@article{lu2007survey,
	title={A survey of image classification methods and techniques for improving classification performance},
	author={Lu, Dengsheng and Weng, Qihao},
	journal={International journal of Remote sensing},
	volume={28},
	number={5},
	pages={823--870},
	year={2007},
	publisher={Taylor \& Francis}
}

@inproceedings{du2018understanding,
	title={Understanding of object detection based on CNN family and YOLO},
	author={Du, Juan},
	booktitle={Journal of Physics: Conference Series},
	volume={1004},
	pages={012029},
	year={2018},
	organization={IOP Publishing}
}

@article{li2019object,
	title={Object re-identification based on deep learning},
	author={Li, Xiying and Zhou, Zhihao and Mazzeo, P Luigi and Ramakrishnan, S and Spagnolo, P},
	journal={Visual Object Tracking with Deep Neural Networks},
	year={2019},
	publisher={intechopen}
}

@article{barthelemy2019edge,
	title={Edge-computing video analytics for real-time traffic monitoring in a smart city},
	author={Barth{\'e}lemy, Johan and Verstaevel, Nicolas and Forehead, Hugh and Perez, Pascal},
	journal={Sensors},
	volume={19},
	number={9},
	pages={2048},
	year={2019},
	publisher={MDPI}
}

@article{wang2024efficient,
	title={Efficient Cloud-edge Collaborative Inference for Object Re-identification},
	author={Wang, Chuanming and Yang, Yuxin and Qi, Mengshi and Ma, Huadong},
	journal={arXiv preprint arXiv:2401.02041},
	year={2024}
}

@article{cao2020overview,
	title={An overview on edge computing research},
	author={Cao, Keyan and Liu, Yefan and Meng, Gongjie and Sun, Qimeng},
	journal={IEEE access},
	volume={8},
	pages={85714--85728},
	year={2020},
	publisher={IEEE}
}

@inproceedings{kuma2019vehicle,
	title={Vehicle re-identification: an efficient baseline using triplet embedding},
	author={Kuma, Ratnesh and Weill, Edwin and Aghdasi, Farzin and Sriram, Parthasarathy},
	booktitle={2019 International Joint Conference on Neural Networks (IJCNN)},
	pages={1--9},
	year={2019},
	organization={IEEE}
}

@misc{Rath2023online,
	author       = {Sovit Rath},
	title        = {YOLOv8 : Comprehensive Guide to State Of The Art Object Detection},
	howpublished = {\url{https://learnopencv.com/ultralytics-yolov8/#YOLOv8-vs-YOLOv5}},
	year         = {2023},
	note         = {Accessed: September 23, 2024}
}

@inproceedings{salau2019feature,
	title={Feature extraction: a survey of the types, techniques, applications},
	author={Salau, Ayodeji Olalekan and Jain, Shruti},
	booktitle={2019 international conference on signal processing and communication (ICSC)},
	pages={158--164},
	year={2019},
	organization={IEEE}
}

@inproceedings{zheng2019joint,
	title={Joint discriminative and generative learning for person re-identification},
	author={Zheng, Zhedong and Yang, Xiaodong and Yu, Zhiding and Zheng, Liang and Yang, Yi and Kautz, Jan},
	booktitle={proceedings of the IEEE/CVF conference on computer vision and pattern recognition},
	pages={2138--2147},
	year={2019}
}

@inproceedings{almeida2023strength,
	title={Strength in Diversity: Multi-Branch Representation Learning for Vehicle Re-Identification},
	author={Almeida, Eurico and Silva, Bruno and Batista, Jorge},
	booktitle={2023 IEEE 26th International Conference on Intelligent Transportation Systems (ITSC)},
	pages={4690--4696},
	year={2023},
	organization={IEEE}
}

@inproceedings{huynh2021strong,
	title={A strong baseline for vehicle re-identification},
	author={Huynh, Su V},
	booktitle={Proceedings of the IEEE/CVF conference on computer vision and pattern recognition},
	pages={4147--4154},
	year={2021}
}

@inproceedings{zheng2019vehiclenet,
	title={VehicleNet: Learning Robust Feature Representation for Vehicle Re-identification.},
	author={Zheng, Zhedong and Ruan, Tao and Wei, Yunchao and Yang, Yezhou},
	booktitle={CVPR Workshops},
	volume={2},
	number={3},
	year={2019}
}

@article{zheng2017discriminatively,
	title={A discriminatively learned cnn embedding for person reidentification},
	author={Zheng, Zhedong and Zheng, Liang and Yang, Yi},
	journal={ACM transactions on multimedia computing, communications, and applications (TOMM)},
	volume={14},
	number={1},
	pages={1--20},
	year={2017},
	publisher={ACM New York, NY, USA}
}

@article{zheng2020vehiclenet,
	title={VehicleNet: Learning robust visual representation for vehicle re-identification},
	author={Zheng, Zhedong and Ruan, Tao and Wei, Yunchao and Yang, Yi and Mei, Tao},
	journal={IEEE Transactions on Multimedia},
	volume={23},
	pages={2683--2693},
	year={2020},
	publisher={IEEE}
}

@misc{paperswithcode2024reid,
	author       = {{Papers with Code}},
	title        = {Vehicle Re-Identification benchmarks},
	howpublished = {\url{https://paperswithcode.com/task/vehicle-re-identification#benchmarks}},
	note         = {Accessed: September 23, 2024}
}

@misc{paperswithcode2024Persreid,
	author       = {{Papers with Code}},
	title        = {Person Re-Identification benchmarks},
	howpublished = {\url{https://paperswithcode.com/task/person-re-identification}},
	note         = {Accessed: September 24, 2024}
}

@article{sharma2021person,
	title={Person re-identification with a locally aware transformer},
	author={Sharma, Charu and Kapil, Siddhant R and Chapman, David},
	journal={arXiv preprint arXiv:2106.03720},
	year={2021}
}

@inproceedings{wieczorek2021unreasonable,
	title={On the unreasonable effectiveness of centroids in image retrieval},
	author={Wieczorek, Miko{\l}aj and Rychalska, Barbara and D{\k{a}}browski, Jacek},
	booktitle={Neural Information Processing: 28th International Conference, ICONIP 2021, Sanur, Bali, Indonesia, December 8--12, 2021, Proceedings, Part IV 28},
	pages={212--223},
	year={2021},
	organization={Springer}
}

@article{wen2020ua,
	title={UA-DETRAC: A new benchmark and protocol for multi-object detection and tracking},
	author={Wen, Longyin and Du, Dawei and Cai, Zhaowei and Lei, Zhen and Chang, Ming-Ching and Qi, Honggang and Lim, Jongwoo and Yang, Ming-Hsuan and Lyu, Siwei},
	journal={Computer Vision and Image Understanding},
	volume={193},
	pages={102907},
	year={2020},
	publisher={Elsevier}
}

@inproceedings{liu2016deep,
	title={Deep relative distance learning: Tell the difference between similar vehicles},
	author={Liu, Hongye and Tian, Yonghong and Yang, Yaowei and Pang, Lu and Huang, Tiejun},
	booktitle={Proceedings of the IEEE conference on computer vision and pattern recognition},
	pages={2167--2175},
	year={2016}
}

@inproceedings{liu2016deep2,
	title={A deep learning-based approach to progressive vehicle re-identification for urban surveillance},
	author={Liu, Xinchen and Liu, Wu and Mei, Tao and Ma, Huadong},
	booktitle={Computer Vision--ECCV 2016: 14th European Conference, Amsterdam, The Netherlands, October 11-14, 2016, Proceedings, Part II 14},
	pages={869--884},
	year={2016},
	organization={Springer}
}

@inproceedings{tang2019cityflow,
	title={Cityflow: A city-scale benchmark for multi-target multi-camera vehicle tracking and re-identification},
	author={Tang, Zheng and Naphade, Milind and Liu, Ming-Yu and Yang, Xiaodong and Birchfield, Stan and Wang, Shuo and Kumar, Ratnesh and Anastasiu, David and Hwang, Jenq-Neng},
	booktitle={Proceedings of the IEEE/CVF Conference on Computer Vision and Pattern Recognition},
	pages={8797--8806},
	year={2019}
}

@misc{aicity2020data,
	author       = {{AI City Challenge}},
	title        = {2020 Data and Evaluation},
	howpublished = {\url{https://www.aicitychallenge.org/2020-data-and-evaluation/}},
	year         = {2020},
	note         = {Accessed: September 24, 2024}
}
@inproceedings{yao2020simulating,
	title={Simulating content consistent vehicle datasets with attribute descent},
	author={Yao, Yue and Zheng, Liang and Yang, Xiaodong and Naphade, Milind and Gedeon, Tom},
	booktitle={Computer Vision--ECCV 2020: 16th European Conference, Glasgow, UK, August 23--28, 2020, Proceedings, Part VI 16},
	pages={775--791},
	year={2020},
	organization={Springer}
}

@misc{layumiGithub,
	author       = {{layumi}},
	title        = {Pytorch ReID Github repository},
	howpublished = {\url{https://github.com/layumi/Person_reID_baseline_pytorch/}},
	note         = {Accessed: September 24, 2024}
}

@inproceedings{bayardo2007scaling,
	title={Scaling up all pairs similarity search},
	author={Bayardo, Roberto J and Ma, Yiming and Srikant, Ramakrishnan},
	booktitle={Proceedings of the 16th international conference on World Wide Web},
	pages={131--140},
	year={2007}
}
@article{taipalus2024vector,
	title={Vector database management systems: Fundamental concepts, use-cases, and current challenges},
	author={Taipalus, Toni},
	journal={Cognitive Systems Research},
	volume={85},
	pages={101216},
	year={2024},
	publisher={Elsevier}
}





